% Primärkällor %%%%%%%%%%%%%%%%%%%%%%%%%%%%%%%%%%%%%%%%%%%%%%%%%%%%%%%%%%%%%%%%%%%%%%%%%%%%%%%%%%%%%
%%%%%%%%%%%%%%%%%%%%%%%%%%%%%%%%%%%%%%%%%%%%%%%%%%%%%%%%%%%%%%%%%%%%%%%%%%%%%%%%%%%%%%%%%%%%%%%%%%%%
@online{hinokiproject2012,
    author = {{Hinoki Project}},
    title  = {Gakush\=usha sakubun k\=opasu {N}atane [{N}atane: Inlärarkorpus med skrivet material]},
    year   = {2012},
    url    = {https://hinoki-project.org/natane/},
    langid = {japanese}
}

% Artiklar %%%%%%%%%%%%%%%%%%%%%%%%%%%%%%%%%%%%%%%%%%%%%%%%%%%%%%%%%%%%%%%%%%%%%%%%%%%%%%%%%%%%%%%%%
%%%%%%%%%%%%%%%%%%%%%%%%%%%%%%%%%%%%%%%%%%%%%%%%%%%%%%%%%%%%%%%%%%%%%%%%%%%%%%%%%%%%%%%%%%%%%%%%%%%%
@article{hasegawa2005,
    author  = {Hasegawa, Yoko and Hirose, Yukio},
    title   = {What the {J}apanese Language Tells Us about the Alleged {J}apanese Relational Self},
    journal = {Australian Journal of Linguistics},
    year    = {2005},
    volume  = {25},
    number  = {2},
    pages   = {219--251},
    doi     = {10.1080/07268600500233019},
    url     = {https://doi.org/10.1080/07268600500233019},
    langid  = {english}
}

@article{kamio1994,
    author  = {Kamio, Akio},
    title   = {The theory of territory of information: The case of {J}apanese},
    journal = {Journal of Pragmatics},
    year    = {1994},
    volume  = {21},
    number  = {1},
    pages   = {67--100},
    doi     = {10.1016/0378-2166(94)90047-7},
    url     = {https://doi.org/10.1016/0378-2166(94)90047-7},
    langid  = {english}
}

@article{kamio1995,
    author  = {Kamio, Akio},
    title   = {Territory of information in {E}nglish and {J}apanese and psychological utterances},
    journal = {Journal of Pragmatics},
    year    = {1995},
    volume  = {24},
    number  = {3},
    pages   = {235--264},
    doi     = {10.1016/0378-2166(94)00064-L},
    url     = {https://doi.org/10.1016/0378-2166(94)00064-L},
    langid  = {english}
}

@article{menner1937,
    author  = {Robert J. Menner},
    title   = {Hypercorrect Forms in {A}merican {E}nglish},
    journal = {American Speech},
    year    = {1937},
    volume  = {12},
    number  = {3},
    pages   = {167--178},
    doi     = {10.2307/452423},
    url     = {https://doi.org/10.2307/452423},
    langid  = {english}
}

@article{nishina2014,
    author  = {Nishina, Kikuko and Hodošček, Bor and Yagi, Yutaka and Abekawa, Takeshi},
    title   = {Construction of a Learner Corpus for {J}apanese Language Learners: {N}atane and {N}utmeg},
    journal = {Acta Linguistica Asiatica},
    year    = {2014},
    volume  = {4},
    number  = {2},
    pages   = {37--51},
    doi     = {10.4312/ala.4.2.37-51},
    url     = {https://doi.org/10.4312/ala.4.2.37-51},
    langid  = {english}
}

% Kapitel i bok med redaktör %%%%%%%%%%%%%%%%%%%%%%%%%%%%%%%%%%%%%%%%%%%%%%%%%%%%%%%%%%%%%%%%%%%%%%%
%%%%%%%%%%%%%%%%%%%%%%%%%%%%%%%%%%%%%%%%%%%%%%%%%%%%%%%%%%%%%%%%%%%%%%%%%%%%%%%%%%%%%%%%%%%%%%%%%%%%
@incollection{kuroda1973,
    author    = {Kuroda, Shigeyuki},
    title     = {Where Epistemology, Style, and Grammar Meet: A Case Study from {J}apanese},
    booktitle = {A Festschrift for {M}orris {H}alle},
    year      = {1973},
    publisher = {{Holt, Rinehart and Winston}},
    editor    = {Anderson, Stephen R. and Kiparsky, Paul},
    pages     = {377--391},
    address   = {New York, NY},
    ISBN      = {9780030865954},
    langid    = {english}
}

% Monografier %%%%%%%%%%%%%%%%%%%%%%%%%%%%%%%%%%%%%%%%%%%%%%%%%%%%%%%%%%%%%%%%%%%%%%%%%%%%%%%%%%%%%%
%%%%%%%%%%%%%%%%%%%%%%%%%%%%%%%%%%%%%%%%%%%%%%%%%%%%%%%%%%%%%%%%%%%%%%%%%%%%%%%%%%%%%%%%%%%%%%%%%%%%
@book{hasegawa2015,
    author    = {Hasegawa, Yoko},
    title     = {Japanese: A linguistic introduction},
    year      = {2015},
    publisher = {Cambridge University Press},
    address   = {Cambridge, United Kingdom},
    ISBN      = {9781107611474},
    langid    = {english}
}

@book{kuno1973,
    author    = {Kuno, Susumu},
    title     = {The Structure of the {J}apanese Language},
    year      = {1973},
    publisher = {MIT Press},
    address   = {Cambridge, MA},
    ISBN      = {9780262110495},
    langid    = {english}
}

@book{makino1986,
    author    = {Makino, Seiichi and Tsutsui, Michio},
    title     = {A Dictionary of Basic {J}apanese Grammar},
    year      = {1986},
    publisher = {The Japan Times},
    address   = {Tokyo, Japan},
    ISBN      = {9784789004541},
    langid    = {english}
}

@book{mcgloin1989,
    author    = {McGloin, Naomi Hanaoka},
    title     = {A Students' Guide to {J}apanese Grammar},
    year      = {1989},
    publisher = {Taishukan Publishing Company},
    address   = {Tokyo, Japan},
    ISBN      = {9784469220650},
    langid    = {english}
}

@book{pettersson1995,
    author    = {Pettersson, Nils-Owe},
    title     = {Japansk syntax},
    year      = {1995},
    publisher = {Studentlitteratur},
    address   = {Lund, Sweden},
    ISBN      = {9789144497112},
    langid    = {swedish}
}

@book{shibatani1990,
    author    = {Shibatani, Masayoshi},
    title     = {The languages of {J}apan},
    year      = {1990},
    publisher = {Cambridge University Press},
    address   = {Cambridge, United Kingdom},
    ISBN      = {9780521369183},
    langid    = {english}
}

@book{språkriktighetsboken2011,
    title     = {Språkriktighetsboken},
    year      = {2011},
    publisher = {Norstedts Akademiska Förlag},
    address   = {Stockholm, Sweden},
    edition   = {2 uppl.},
    ISBN      = {9789113043708},
    langid    = {swedish}
}

@book{viberg1987,
    author    = {Viberg, Åke},
    title     = {Vägen till ett nytt språk},
    year      = {1987},
    publisher = {Natur och Kultur},
    address   = {Stockholm, Sweden},
    ISBN      = {9789127502413},
    langid    = {swedish}
}

% Metodböcker %%%%%%%%%%%%%%%%%%%%%%%%%%%%%%%%%%%%%%%%%%%%%%%%%%%%%%%%%%%%%%%%%%%%%%%%%%%%%%%%%%%%%%
%%%%%%%%%%%%%%%%%%%%%%%%%%%%%%%%%%%%%%%%%%%%%%%%%%%%%%%%%%%%%%%%%%%%%%%%%%%%%%%%%%%%%%%%%%%%%%%%%%%%
@book{brezina2018,
    author    = {Brezina, Vaclav},
    title     = {Statistics in Corpus Linguistics: A Practical Guide},
    year      = {2018},
    publisher = {Cambridge University Press},
    address   = {Cambridge, United Kingdom},
    ISBN      = {9781107565241},
    langid    = {english}
}

@book{comrie2008,
    author    = {Comrie, Bernard and Haspelmath, Martin and Bickel, Balthasar},
    title     = {The {Leipzig} Glossing Rules: Conventions for interlinear morpheme-by-morpheme glosses},
    year      = {2008},
    publisher = {Max Planck Institute for Evolutionary Anthropology och University of Leipzig},
    address   = {Leipzig, Germany},
    url       = {https://www.eva.mpg.de/lingua/resources/glossing-rules.php},
    langid    = {english}
}

@book{henriksson2008,
    author    = {Henriksson, Widar},
    title     = {Statistik: Icke-parametriska metoder},
    year      = {2008},
    publisher = {Institutionen för beteendevetenskapliga mätningar, Umeå universitet},
    address   = {Umeå, Sweden},
    url       = {https://urn.kb.se/resolve?urn=urn:nbn:se:umu:diva-43590},
    langid    = {swedish}
}

@book{körner2015,
    author    = {Körner, Svante and Wahlgren, Lars},
    title     = {Statistisk dataanalys},
    year      = {2015},
    publisher = {Studentlitteratur},
    address   = {Lund, Sweden},
    edition   = {5 uppl.},
    ISBN      = {9789144108704},
    langid    = {swedish}
    }

@book{lagerholm2010,
    author    = {Lagerholm, Per},
    title     = {Språkvetenskapliga uppsatser},
    year      = {2010},
    publisher = {Studentlitteratur},
    address   = {Lund, Sweden},
    edition   = {2 uppl.},
    ISBN      = {9789144056456},
    langid    = {swedish}
    }

@incollection{rasinger2018,
    author    = {Rasinger, Sebastian M.},
    title     = {Quantitative Methods: Concepts, Frameworks and Issues},
    booktitle = {Research Methods in Linguistics},
    year      = {2018},
    publisher = {{Bloomsbury Publishing Plc}},
    editor    = {Litosseliti, Lia},
    pages     = {117--138},
    address   = {London, United Kingdom},
    ISBN      = {9781350043435},
    langid    = {english}
}

% Kurslitteratur %%%%%%%%%%%%%%%%%%%%%%%%%%%%%%%%%%%%%%%%%%%%%%%%%%%%%%%%%%%%%%%%%%%%%%%%%%%%%%%%%%%
%%%%%%%%%%%%%%%%%%%%%%%%%%%%%%%%%%%%%%%%%%%%%%%%%%%%%%%%%%%%%%%%%%%%%%%%%%%%%%%%%%%%%%%%%%%%%%%%%%%%
@book{banno2020a,
    author    = {Banno, Eri and Ikeda, Yoko and Ohno, Yutaka and Shinagawa, Chikako and Tokashiki, Kyoko},
    title     = {{GENKI}: An Integrated Course in Elementary {J}apanese {I}},
    year      = {2020},
    publisher = {The Japan Times Publishing},
    address   = {Tokyo, Japan},
    edition   = {3 uppl.},
    ISBN      = {9784789017305},
    langid    = {english}
}

@book{banno2020b,
    author    = {Banno, Eri and Ikeda, Yoko and Ohno, Yutaka and Shinagawa, Chikako and Tokashiki, Kyoko},
    title     = {{GENKI}: An Integrated Course in Elementary {J}apanese {II}},
    year      = {2020},
    publisher = {The Japan Times Publishing},
    address   = {Tokyo, Japan},
    edition   = {3 uppl.},
    ISBN      = {9784789017329},
    langid    = {english}
}

% Webbplatser %%%%%%%%%%%%%%%%%%%%%%%%%%%%%%%%%%%%%%%%%%%%%%%%%%%%%%%%%%%%%%%%%%%%%%%%%%%%%%%%%%%%%%
%%%%%%%%%%%%%%%%%%%%%%%%%%%%%%%%%%%%%%%%%%%%%%%%%%%%%%%%%%%%%%%%%%%%%%%%%%%%%%%%%%%%%%%%%%%%%%%%%%%%
@online{schaab2011,
    author  = {Derek Schaab},
    title   = {When to use [hoshigaru] instead of [hoshii]},
    year    = {2011},
    url     = {https://japanese.stackexchange.com/a/2538},
    urldate = {2022-03-14}
}
